<?xml version="1.0" encoding="UTF-8"?><collection><record><leader>02886ntm a2200409 a 4500</leader><controlfield tag="001">002631688</controlfield><controlfield tag="003">MiAaHDL</controlfield><controlfield tag="005">20190719000000.0</controlfield><controlfield tag="006">m        d        </controlfield><controlfield tag="007">cr bn ---auaua</controlfield><controlfield tag="008">930614s17uu    xx            00||  ara d</controlfield><datafield tag="035" ind1=" " ind2=" "><subfield code="a">(MiU)002631688</subfield></datafield><datafield tag="035" ind1=" " ind2=" "><subfield code="a">sdr-miu002631688</subfield></datafield><datafield tag="035" ind1=" " ind2=" "><subfield code="a">(RLIN)MIUH93-A113</subfield></datafield><datafield tag="040" ind1=" " ind2=" "><subfield code="a">MiU</subfield><subfield code="c">MiU</subfield><subfield code="e">appm</subfield><subfield code="d">MiU</subfield></datafield><datafield tag="100" ind1="1" ind2=" "><subfield code="6">880-01</subfield><subfield code="a">Rashīdī, Yūnus ibn ʻAbd al-Qādir.</subfield></datafield><datafield tag="240" ind1="1" ind2="0"><subfield code="6">880-02</subfield><subfield code="a">Ghāyat al-suʾl fī sharḥ al-ʻasharah fuṣūl</subfield></datafield><datafield tag="245" ind1="1" ind2="0"><subfield code="6">880-03</subfield><subfield code="a">Sharḥ ʻalá al-risālah al-ʻasharat al-fuṣūl al-mawḍūʻah fī al-ʻamal bi-al-rubʻ al-mawsūm bi-al-muqanṭarāt :</subfield><subfield code="k">manuscript,</subfield><subfield code="f">[18th century?].</subfield></datafield><datafield tag="300" ind1=" " ind2=" "><subfield code="a">1</subfield><subfield code="f">v. ([74] p.) ;</subfield><subfield code="c">21 cm.</subfield></datafield><datafield tag="500" ind1=" " ind2=" "><subfield code="a">Text rubricated, with overlinings in red; marginal corrections in hand of copyist (same as that of Mich. Isl. Ms. 800,2).</subfield></datafield><datafield tag="500" ind1=" " ind2=" "><subfield code="a">Pp. [1-26]. Bound with: Badr al-Dīn Muḥammad ibn Muḥammad Sibṭ al-Māridīnī, Ḥāwī al-mukhtaṣarāt fī al-ʻamal bi-rubʻ al-muqanṭarāt, pp. [27-74].</subfield></datafield><datafield tag="510" ind1="4" ind2=" "><subfield code="a">King, Survey,</subfield><subfield code="c">pp. 73 and 119</subfield></datafield><datafield tag="520" ind1=" " ind2=" "><subfield code="a">Commentary on the Risālah fī al-ʻamal bi-al-rubʻ al-mawsūm bi-al-muqanṭarāt by Shihāb al-Dīn Abū al-ʻAbbās Aḥmad ibn Rajab al-Qāhirī ibn al-Majdī. See David A. King, A Survey of the Scientific Manuscripts in the Egyptian National Library (Winona Lake, 1986), pp. 73 and 119.</subfield></datafield><datafield tag="538" ind1=" " ind2=" "><subfield code="a">Mode of access: Internet.</subfield></datafield><datafield tag="541" ind1=" " ind2=" "><subfield code="d">07/--/36</subfield><subfield code="3">Manuscript</subfield><subfield code="a">McGregor Fund</subfield><subfield code="c">Purchase, 1933/34</subfield></datafield><datafield tag="561" ind1=" " ind2=" "><subfield code="a">Purchased in Cairo, 1933/34. Owners' marks: inside cover, manuscript notes in handwriting of Max Meyerhof; Arabic autograph (not identified) on p. [1].</subfield></datafield><datafield tag="600" ind1="1" ind2="4"><subfield code="6">880-04</subfield><subfield code="a">Ibn al-Majdī, Shihāb al-Dīn Abū al-ʻAbbās Aḥmad ibn Rajab al-Qāhirī,</subfield><subfield code="d">1365-1447.</subfield><subfield code="t">Risālah fī al-ʻamal bi-al-rubʻ al-mawsūm bi-al-muqanṭarāt.</subfield></datafield><datafield tag="650" ind1=" " ind2="0"><subfield code="a">Astronomical instruments</subfield><subfield code="y">Early works to 1800.</subfield></datafield><datafield tag="650" ind1=" " ind2="0"><subfield code="a">Quadrants (Astronomical instruments)</subfield><subfield code="v">Early works to 1800.</subfield></datafield><datafield tag="650" ind1=" " ind2="0"><subfield code="a">Almucantar</subfield><subfield code="y">Early works to 1800.</subfield></datafield><datafield tag="650" ind1=" " ind2="0"><subfield code="a">Astronomy, Arab</subfield><subfield code="y">Early works to 1800.</subfield></datafield><datafield tag="650" ind1=" " ind2="0"><subfield code="a">Manuscripts, Arabic</subfield><subfield code="z">Michigan</subfield><subfield code="z">Ann Arbor.</subfield></datafield><datafield tag="700" ind1="1" ind2=" "><subfield code="a">Meyerhof, Max,</subfield><subfield code="d">1874-1945,</subfield><subfield code="e">former owner.</subfield></datafield><datafield tag="773" ind1="0" ind2=" "><subfield code="7">unbc</subfield><subfield code="a">Tracy W. McGregor Collection of Arabic, Persian, and Turkish Mathematical and Astronomical Manuscripts.</subfield><subfield code="w">(CStRLIN)MIUH92-A20.</subfield></datafield><datafield tag="880" ind1="0" ind2="4"><subfield code="6">600-04/</subfield><subfield code="a">شهاب الدين أبو العباس أحمد بن رجب القاهري بن المجدي.</subfield><subfield code="t">رسالة في العمل بالربع الموسوم بالمقنطرات.</subfield></datafield><datafield tag="880" ind1="1" ind2="0"><subfield code="6">245-03/</subfield><subfield code="a">شرح على الرسالة العشرة الفصول الموضوعة في القمل بالربع الموسوم بالمقنطرات :</subfield><subfield code="k">manuscript,</subfield><subfield code="f">[القرن 18م؟].</subfield></datafield><datafield tag="880" ind1="1" ind2="0"><subfield code="6">240-02/</subfield><subfield code="a">غاية السؤل في شرح العشرة فصول</subfield></datafield><datafield tag="880" ind1="0" ind2=" "><subfield code="6">100-01/</subfield><subfield code="a">يونس بن عبد القادر الرشيدي.</subfield></datafield><datafield tag="CID" ind1=" " ind2=" "><subfield code="a">002631688</subfield></datafield><datafield tag="DAT" ind1="0" ind2=" "><subfield code="a">20190719102632.0</subfield><subfield code="b">20190719000000.0</subfield></datafield><datafield tag="DAT" ind1="1" ind2=" "><subfield code="a">20190719090653.0</subfield><subfield code="b">2019-07-19T16:10:42Z</subfield></datafield><datafield tag="DAT" ind1="2" ind2=" "><subfield code="a">2015-10-10T18:00:06Z</subfield></datafield><datafield tag="CAT" ind1=" " ind2=" "><subfield code="a">SDR-MIU</subfield><subfield code="d">EX LIBRIS - ALEPH</subfield><subfield code="l">prepare.pl-004-008</subfield></datafield><datafield tag="FMT" ind1=" " ind2=" "><subfield code="a">BK</subfield></datafield><datafield tag="HOL" ind1=" " ind2=" "><subfield code="0">sdr-miu002631688</subfield><subfield code="a">MiU</subfield><subfield code="b">SDR</subfield><subfield code="c">MIU</subfield><subfield code="p">mdp.39015081447800</subfield><subfield code="s">MIU</subfield><subfield code="1">002631688</subfield></datafield><datafield tag="974" ind1=" " ind2=" "><subfield code="b">MIU</subfield><subfield code="c">MIU</subfield><subfield code="d">20190719</subfield><subfield code="s">lit-dlps-dc</subfield><subfield code="u">mdp.39015081447800</subfield><subfield code="y">1799</subfield><subfield code="r">pd</subfield><subfield code="q">bib</subfield><subfield code="t">non-US bib date1 &lt; 1879</subfield></datafield></record></collection>